<?xml version="1.0" encoding="UTF-8"?><collection xmlns="http://www.loc.gov/MARC21/slim"><record><leader>00382nam--2200145-i-4500</leader><controlfield tag="001">000026508</controlfield><controlfield tag="002">20161230</controlfield><controlfield tag="005">20170127212218</controlfield><controlfield tag="008">060222s1000------------r-----000-0-eng-d</controlfield><datafield ind1=" " ind2=" " tag="245"><subfield code="a">The international who`s who. 1962-63</subfield></datafield><datafield ind1=" " ind2=" " tag="250"><subfield code="a">twenty-sixth edition</subfield></datafield><datafield ind1=" " ind2=" " tag="260"><subfield code="a">London</subfield><subfield code="b">Europa Publications Ltd</subfield><subfield code="c">1962</subfield></datafield><datafield ind1=" " ind2=" " tag="300"><subfield code="a">XVI + 1099 p</subfield></datafield><datafield ind1=" " ind2=" " tag="852"><subfield code="a">18128</subfield></datafield><datafield ind1=" " ind2=" " tag="CAT"><subfield code="a">SYS</subfield><subfield code="c">20170127</subfield><subfield code="h">212218</subfield></datafield></record></collection>